@inproceedings{parmar2018stock,
  author    = {Ishita Parmar and Navanshu Agarwal and Sheirsh Saxena and Ridam Arora and Shikhin Gupta and Himanshu Dhiman and Lokesh Chouhan},
  title     = {Stock Market Prediction Using Machine Learning},
  booktitle = {2018 First International Conference on Secure Cyber Computing and Communication (ICSCCC)},
  year      = {2018},
  pages     = {599-602},
  doi       = {10.1109/ICSCCC.2018.8703332},
  url       = {https://ieeexplore.ieee.org/document/8703332},
  publisher = {IEEE},
  address   = {Jalandhar, India},
  month     = {12},
  isbn      = {978-1-5386-7997-5}
}

@article{chang2024StockPrediction,
  author    = {Victor Chang and Qianwen Ariel Xu and Anyamele Chidozie and Hai Wang},
  title     = {Predicting Economic Trends and Stock Market Prices with Deep Learning and Advanced Machine Learning Techniques},
  journal   = {Electronics},
  volume    = {13},
  pages     = {3396},
  year      = {2024},
  doi       = {10.3390/electronics13173396},
  url       = {https://doi.org/10.3390/electronics13173396},
  editor    = {Simeone Marino},
  publisher = {MDPI},
  received  = {17 June 2024},
  revised   = {15 August 2024},
  accepted  = {22 August 2024},
  published = {26 August 2024},
  license   = {Creative Commons Attribution (CC BY)},
  license_url = {https://creativecommons.org/licenses/by/4.0/}
}

@article{phuoc2024StockPrediction,
  author    = {Phuoc Tran and Pham Thi Kim Anh and Huy Tam Phan and Van Chien Nguyen},
  title     = {Applying machine learning algorithms to predict the stock price trend in the stock market -- The case of Vietnam},
  journal   = {Humanities and Social Sciences Communications},
  volume    = {11},
  number    = {1},
  pages     = {393},
  year      = {2024},
  doi       = {10.1057/s41599-024-02807-x},
  url       = {https://doi.org/10.1057/s41599-024-02807-x},
  publisher = {Springer Nature},
}

@article{balasubramanian2023SystematicSurvey,
  author    = {Prakash Balasubramanian and Chinthan P. and Saleena Badarudeen and Harini Sriraman},
  title     = {A Systematic Literature Survey on Recent Trends in Stock Market Prediction Using Artificial Intelligence},
  journal   = {PeerJ Computer Science},
  volume    = {9},
  pages     = {e1700},
  year      = {2023},
  doi       = {10.7717/peerj-cs.1700},
  url       = {https://peerj.com/articles/cs-1700/},
}

@article{shaban2024SMPDL,
  author    = {Warda M. Shaban and Eman Ashraf and Ahmed Elsaid Slama},
  title     = {{SMP-DL}: a novel stock market prediction approach based on deep learning for effective trend forecasting},
  journal   = {Neural Computing and Applications},
  volume    = {36},
  pages     = {1849--1873},
  year      = {2024},
  doi       = {10.1007/s00521-023-09179-4},
  url       = {https://link.springer.com/article/10.1007/s00521-023-09179-4}
}

@article{nabipour2020DeepLearning,
  author    = {Mojtaba Nabipour and Pooyan Nayyeri and Hamed Jabani and Amir Mosavi},
  title     = {Deep Learning for Stock Market Prediction},
  journal   = {Entropy},
  volume    = {22},
  number    = {8},
  pages     = {840},
  year      = {2020},
  doi       = {10.3390/e22080840},
  url       = {https://www.mdpi.com/1099-4300/22/8/840}
}

@article{guo2024LSTMStock,
author = {Guo, Haodi},
year = {2024},
month = {12},
pages = {235-244},
title = {Predicting High-Frequency Stock Market Trends with LSTM Networks and Technical Indicators},
volume = {139},
journal = {Advances in Economics, Management and Political Sciences},
doi = {10.54254/2754-1169/2024.19528}
}

@article{agrawal2022StockPrediction,
  author    = {Manish Agrawal and Piyush Kumar Shukla and Rajit Nair and Anand Nayyar and Mehedi Masud},
  title     = {Stock Prediction Based on Technical Indicators Using Deep Learning Model},
  journal   = {Computers, Materials \& Continua},
  volume    = {70},
  number    = {1},
  pages     = {287--304},
  year      = {2022},
  doi       = {10.32604/cmc.2022.014637},
  url       = {https://www.techscience.com/cmc/v70n1/44330/pdf}
}

@inproceedings{marek2020mfi,
    title = {Optimization and Testing of Money Flow Index},
    booktitle = {Proceedings of the 13th International Conference on Finance and Performance},
    author = {Marek, Patrice and Marková, Věra},
    year = {2020},
    month = {02}
}

@article{tsang2009OBV,
  author  = {Tsang, William and Chong, Terence},
  year    = {2009},
  month   = {01},
  pages   = {2424--2431},
  title   = {Profitability of the On-Balance Volume Indicator},
  volume  = {29},
  journal = {Economics Bulletin}
}

@article{bergstra2012random,
  title={Random Search for Hyper-Parameter Optimization},
  author={Bergstra, James and Bengio, Yoshua},
  journal={Journal of Machine Learning Research},
  volume={13},
  number={Feb},
  pages={281--305},
  year={2012},
  publisher={JMLR.org},
  url={http://www.jmlr.org/papers/v13/bergstra12a.html}
}
